@article {Jay1,
    AUTHOR = {Gopalakrishnan, J. and Qiu, W.},
     TITLE = {An analysis of the practical {DPG} method},
   JOURNAL = {Math. Comp.},
  FJOURNAL = {Mathematics of Computation},
    VOLUME = {83},
      YEAR = {2014},
    NUMBER = {286},
     PAGES = {537--552},
      ISSN = {0025-5718},
   MRCLASS = {65N30 (65L12)},
  MRNUMBER = {3143683},
MRREVIEWER = {Franz Chouly},
       DOI = {10.1090/S0025-5718-2013-02721-4},
       URL = {http://dx.doi.org/10.1090/S0025-5718-2013-02721-4},
}

@article{Zitelli,
    AUTHOR = {Zitelli, J. and Muga, I. and Demkowicz, L. and Gopalakrishnan,
              J. and Pardo, D. and Calo, V. M.},
     TITLE = {A class of discontinuous {P}etrov-{G}alerkin methods. {P}art
              {IV}: the optimal test norm and time-harmonic wave propagation
              in 1{D}},
   JOURNAL = {J. Comput. Phys.},
  FJOURNAL = {Journal of Computational Physics},
    VOLUME = {230},
      YEAR = {2011},
    NUMBER = {7},
     PAGES = {2406--2432},
      ISSN = {0021-9991},
     CODEN = {JCTPAH},
   MRCLASS = {65N30 (65N12)},
  MRNUMBER = {2772923},
       DOI = {10.1016/j.jcp.2010.12.001},
       URL = {http://dx.doi.org/10.1016/j.jcp.2010.12.001},
}

@article {MR3543022,
    AUTHOR = {Keith, Brendan and Fuentes, Federico and Demkowicz, Leszek},
     TITLE = {The {DPG} methodology applied to different variational
              formulations of linear elasticity},
   JOURNAL = {Comput. Methods Appl. Mech. Engrg.},
  FJOURNAL = {Computer Methods in Applied Mechanics and Engineering},
    VOLUME = {309},
      YEAR = {2016},
     PAGES = {579--609},
      ISSN = {0045-7825},
     CODEN = {CMMECC},
   MRCLASS = {Preliminary Data},
  MRNUMBER = {3543022},
       DOI = {10.1016/j.cma.2016.05.034},
       URL = {http://dx.doi.org/10.1016/j.cma.2016.05.034},
}

@article{demk2,
    AUTHOR = {Demkowicz, L. and Gopalakrishnan, J. and Muga, I. and Zitelli,
              J.},
     TITLE = {Wavenumber explicit analysis of a {DPG} method for the
              multidimensional {H}elmholtz equation},
   JOURNAL = {Comput. Methods Appl. Mech. Engrg.},
  FJOURNAL = {Computer Methods in Applied Mechanics and Engineering},
    VOLUME = {213/216},
      YEAR = {2012},
     PAGES = {126--138},
      ISSN = {0045-7825},
     CODEN = {CMMECC},
   MRCLASS = {65N30 (35J05 65N12 76Q05)},
  MRNUMBER = {2880509},
MRREVIEWER = {Jason S. Howell},
       DOI = {10.1016/j.cma.2011.11.024},
       URL = {http://dx.doi.org/10.1016/j.cma.2011.11.024},
}

@article{MUMPS:1,
    AUTHOR = {Amestoy, Patrick R. and Duff, Iain S. and L'Excellent,
              Jean-Yves and Koster, Jacko},
     TITLE = {A fully asynchronous multifrontal solver using distributed
              dynamic scheduling},
   JOURNAL = {SIAM J. Matrix Anal. Appl.},
  FJOURNAL = {SIAM Journal on Matrix Analysis and Applications},
    VOLUME = {23},
      YEAR = {2001},
    NUMBER = {1},
     PAGES = {15--41 (electronic)},
      ISSN = {0895-4798},
   MRCLASS = {65F05 (65F50 65Y05 68W15)},
  MRNUMBER = {1856597},
       DOI = {10.1137/S0895479899358194},
       URL = {http://dx.doi.org/10.1137/S0895479899358194},
}

@book{Saad,
    AUTHOR = {Saad, Yousef},
     TITLE = {Iterative methods for sparse linear systems},
   EDITION = {Second},
 PUBLISHER = {Society for Industrial and Applied Mathematics, Philadelphia,
              PA},
      YEAR = {2003},
     PAGES = {xviii+528},
      ISBN = {0-89871-534-2},
   MRCLASS = {65-01 (65F10 65F50)},
  MRNUMBER = {1990645},
MRREVIEWER = {Arnold Reusken},
       DOI = {10.1137/1.9780898718003},
       URL = {http://dx.doi.org/10.1137/1.9780898718003},
}

@book{nondiffr,
  AUTHOR = {Recami, E. and Zamboni-Rached, M. and Ambrosio, L. A.},
  TITLE = {{Non-Diffracting Waves: An Introduction}},
publisher = {Wiley-VCH Verlag GmbH \& Co. KGaA},
isbn = {9783527671519},
url = {http://dx.doi.org/10.1002/9783527671519.ch1},
doi = {10.1002/9783527671519.ch1},
keywords = {Bessel beams, biomedical optics, generalized Lorenz-Mie theory (GLMT), Lorentz transformations (LTs), non-diffracting waves (NDW), relativity, truncated beams},
booktitle = {Non-Diffracting Waves},
year = {2013},
}

@article{Demk1,
AUTHOR={Demkowicz, L. and Gopalakrishnan, J.},
TITLE={{Discontinuous Petrov-Galerkin (DPG) Method}},
JOURNAL="ICES Report",
VOLUME= "15-20",
YEAR=2015
}

@article{Babuska1,
    AUTHOR = {Babu{\v{s}}ka, Ivo M. and Sauter, Stefan A.},
     TITLE = {Is the pollution effect of the {FEM} avoidable for the
              {H}elmholtz equation considering high wave numbers?},
   JOURNAL = {SIAM J. Numer. Anal.},
  FJOURNAL = {SIAM Journal on Numerical Analysis},
    VOLUME = {34},
      YEAR = {1997},
    NUMBER = {6},
     PAGES = {2392--2423},
      ISSN = {0036-1429},
     CODEN = {SJNAAM},
   MRCLASS = {65N30},
  MRNUMBER = {1480387},
MRREVIEWER = {Mark Ainsworth},
       DOI = {10.1137/S0036142994269186},
       URL = {http://dx.doi.org/10.1137/S0036142994269186},
}


@article{Carstensen,
    AUTHOR = {Carstensen, C. and Demkowicz, L. and Gopalakrishnan, J.},
     TITLE = {Breaking spaces and forms for the {DPG} method and
              applications including {M}axwell equations},
   JOURNAL = {Comput. Math. Appl.},
  FJOURNAL = {Computers \& Mathematics with Applications. An International
              Journal},
    VOLUME = {72},
      YEAR = {2016},
    NUMBER = {3},
     PAGES = {494--522},
      ISSN = {0898-1221},
   MRCLASS = {Preliminary Data},
  MRNUMBER = {3521055},
       DOI = {10.1016/j.camwa.2016.05.004},
       URL = {http://dx.doi.org/10.1016/j.camwa.2016.05.004},
}


@ARTICLE{srir_soc,
AUTHOR={Nagaraj, S. and Petrides, S. and Demkowicz, L.},
TITLE={{Construction of DPG Fortin Operators For Second Order Problems}},
JOURNAL={ICES Report},
VOLUME= "15-22",
YEAR=2015
}


@ARTICLE{demk_varform,
    AUTHOR={Demkowicz, L.},
    TITLE={{Various Variational Formulations and Closed Range Theorem}},
    JOURNAL = {ICES Report},
    VOLUME= "15-03",
    YEAR=2015
}

@ARTICLE{babuska,
    AUTHOR = {Babu{\v{s}}ka, Ivo},
     TITLE = {Error-bounds for finite element method},
   JOURNAL = {Numer. Math.},
  FJOURNAL = {Numerische Mathematik},
    VOLUME = {16},
      YEAR = {1970/1971},
     PAGES = {322--333},
      ISSN = {0029-599X},
   MRCLASS = {65.66},
  MRNUMBER = {0288971},
MRREVIEWER = {F. Odeh},
}


@ARTICLE{dpg_opt,
    AUTHOR = {Demkowicz, L. and Gopalakrishnan, J.},
     TITLE = {A class of discontinuous {P}etrov-{G}alerkin methods. {II}.
              {O}ptimal test functions},
   JOURNAL = {Numer. Methods Partial Differential Equations},
  FJOURNAL = {Numerical Methods for Partial Differential Equations. An
              International Journal},
    VOLUME = {27},
      YEAR = {2011},
    NUMBER = {1},
     PAGES = {70--105},
      ISSN = {0749-159X},
   MRCLASS = {65N30 (65N12)},
  MRNUMBER = {2743600},
MRREVIEWER = {Christos A. Xenophontos},
       DOI = {10.1002/num.20640},
       URL = {http://dx.doi.org/10.1002/num.20640},
}

@article{keith,
    AUTHOR = {Fuentes, Federico and Keith, Brendan and Demkowicz, Leszek and
              Nagaraj, Sriram},
     TITLE = {Orientation embedded high order shape functions for the exact
              sequence elements of all shapes},
   JOURNAL = {Comput. Math. Appl.},
  FJOURNAL = {Computers \& Mathematics with Applications. An International
              Journal},
    VOLUME = {70},
      YEAR = {2015},
    NUMBER = {4},
     PAGES = {353--458},
      ISSN = {0898-1221},
   MRCLASS = {65N30 (68U07)},
  MRNUMBER = {3372037},
MRREVIEWER = {Marius Ghergu},
       DOI = {10.1016/j.camwa.2015.04.027},
       URL = {http://dx.doi.org/10.1016/j.camwa.2015.04.027},
}