
%AAAAAAAAAAAAAAAAAAAAAAAAAAAAAAAAAAAAAAAAAAAAAAAAAAAAAAAAAAAAAAAAAAAAAAAAAAAAAAAAAAAAAAAAAAAAA

@ARTICLE{AinsworthCoyle01,
    AUTHOR = {Ainsworth, M. and Coyle, J.},
    TITLE = {Hierarchic $hp$-edge Element Families for {M}axwell's Equations on Hybrid Quadrilateral/Triangular Meshes},
    JOURNAL = {Comput. Methods Appl. Mech. Engrg.},
    YEAR = {2001},
    VOLUME ={190},
    NUMBER = {},
    PAGES = {6709--6733},
    NOTE = {}
}

@article{arnold2006finite,
  title={Finite element exterior calculus, homological techniques, and applications},
  author={Arnold, Douglas N. and Falk, Richard S. and Winther, Ragnar},
  journal={Acta Numer.},
  fjournal={Acta Numerica},
  volume={15},
  pages={1--155},
  year={2006},
}

@article{arnold2010finite,
  title={Finite element exterior calculus: from {H}odge theory to numerical stability},
  author={Arnold, Douglas N. and Falk, Richard S. and Winther, Ragnar},
  journal={Bull. Amer. Math. Soc.},
  fjournal={American Mathematical Society, Bulletin},
  volume={47},
  number={2},
  pages={281--354},
  year={2010},
}

@article{mixedelas3d,
  author = {Arnold, Douglas N. and Falk, Richard S. and Winther, Ragnar},
  title = {Mixed finite element methods for linear elasticity with weakly imposed symmetry},
  journal = {Math. Comput.},
  fjournal = {Mathematics of Computation},
  volume = {76},
  year = {2007},
  pages = {1699--1723},
}


@article{elas3dfamily,
  author = {Arnold, Douglas N. and Awanou, Gerard and Winther, Ragnar},
  title = {Finite elements for symmetric tensors in three dimensions},
  journal = {Math. Comput.},
  fjournal = {Mathematics of Computation},
  volume = {77},
  year = {2008},
  pages = {1229--1251},
}

%BBBBBBBBBBBBBBBBBBBBBBBBBBBBBBBBBBBBBBBBBBBBBBBBBBBBBBBBBBBBBBBBBBBBBBBBBBBBBBBBBBBBBBBBBBBBB

@article{Bergot_Gary_Durufle_10,
  author = 	 {Bergot, M. and Cohen, G. and Durufl\'{e}, M.},
  title = 	 {Higher-order Finite Elements for Hybrid Meshes Using New Nodal Pyramidal Elements},
  journal = 	 {J. Sci. Comput.},
  year = 	 {2010},
  volume = 	 {42},
  pages = 	 {345--381},
}

@article{Bergot_Durufle_14,
  author = 	 {Bergot, M. and Durufl\'{e}, M.},
  title = 	 {Approximation of {$H(\mathrm{div})$} with High-Order Optimal Finite Elements for Pyramids, Prisms and Hexahedra},
  journal = 	 {Commun. Comput. Phys.},
  year = 	 {2013},
  volume = 	 {14},
  number = 	 {5},
  pages = 	 {1372--1414},
}

@article{Beuchler_Schoeberl_06,
	year = {2006},
	issn = {0029-599X},
	journal = {Numer. Math.},
	volume = {103},
	number = {3},
	doi = {10.1007/s00211-006-0681-2},
	title = {New shape functions for triangular $p$-{FEM} using integrated {J}acobi polynomials},
	url = {http://dx.doi.org/10.1007/s00211-006-0681-2},
	publisher = {Springer-Verlag},
	author = {Beuchler, S. and Sch\"oberl, J.},
	pages = {339--366},
	language = {English}
}


@article{Beuchler_Pillwein_07,
	year = {2007},
	issn = {0010-485X},
	journal = {Computing},
	volume = {80},
	number = {4},
	doi = {10.1007/s00607-007-0236-0},
	title = {Sparse shape functions for tetrahedral $p$-{FEM} using integrated {J}acobi polynomials},
	url = {http://dx.doi.org/10.1007/s00607-007-0236-0},
	publisher = {Springer-Verlag},
	author = {Beuchler, S. and Pillwein, V.},
	pages = {345--375},
	language = {English}
}


@article{Beuchler_Pillwein_Zaglmayr_12,
  author = 	 {Beuchler, S. and Pillwein, V. and Zaglmayr, S.},
  title = 	 {Sparsity optimized high order finite element functions for {$H(\mathrm{div})$} on simplices},
  journal = 	 {Numer. Math.},
  year = 	 {2012},
  volume = 	 {122},
  number = 	 {2},
  pages = 	 {197--225},
}


@incollection{Beuchler_Pillwein_Schoeberl_Zaglmayr_12,
	year = {2012},
	isbn = {978-3-7091-0793-5},
	booktitle = {Numerical and Symbolic Scientific Computing},
	series = {Texts \& Monographs in Symbolic Computation},
	editor = {Langer, U. and Paule, P.},
	doi = {10.1007/978-3-7091-0794-2_2},
	title = {Sparsity Optimized High Order Finite Element Functions on Simplices},
	url = {http://dx.doi.org/10.1007/978-3-7091-0794-2_2},
	publisher = {Springer},
	address = {Vienna},
	author = {Beuchler, S. and Pillwein, V. and Sch\"oberl, J. and Zaglmayr, S.},
	pages = {21--44},
	language = {English}
}

@article{Beuchler_Pillwein_Zaglmayr_13,
  author = 	 {Beuchler, S. and Pillwein, V. and Zaglmayr, S.},
  title = 	 {Sparsity optimized high order finite element functions for {$H(\mathrm{curl})$} on tetrahedra},
  journal = 	 {Adv. in Appl. Math.},
  year = 	 {2013},
  volume = 	 {50},
  number = 	 {5},
  pages = 	 {749--769}
}

@article{bjorck1980direct,
  title={A direct method for the solution of sparse linear least squares problems},
  author={Bj{\"o}rck, {\AA}ke and Duff, Iain S},
  journal={Linear Algebra and its Applications},
  volume={34},
  pages={43--67},
  year={1980},
  publisher={Elsevier}
}

@book{bjorck1996numerical,
  title={Numerical methods for least squares problems},
  author={Bj{\"o}rck, {\AA}ke},
  year={1996},
  publisher={SIAM}
}

@book{Boffi2013,
   title = {Mixed finite element methods and applications},
   author = {Boffi, Daniele and Fortin, Michel and Brezzi, Franco},
   series = {Springer series in computational mathematics},
   publisher = {Springer},
   address = {Berlin, Heidelberg},
   year = {2013}
}

@article{bochev2004least,
  title={Least-squares finite element methods for first-order elliptic systems},
  author={Bochev, Pavel},
  journal={Int. J. Numer. Anal. Model},
  volume={1},
  number={1},
  pages={49--64},
  year={2004},
  publisher={Citeseer}
}

@book{bochev2009least,
  title={Least-squares finite element methods},
  author={Bochev, Pavel B and Gunzburger, Max D},
  volume={166},
  year={2009},
  publisher={Springer Science \& Business Media}
}

@article{bui2013unified,
  title={A Unified Discontinuous {P}etrov--{G}alerkin Method and Its Analysis for {F}riedrichs' Systems},
  author={Bui-Thanh, Tan and Demkowicz, Leszek and Ghattas, Omar},
  journal={SIAM J. Numer. Anal.},
  volume={51},
  number={4},
  pages={1933--1958},
  year={2013},
}

@techreport{bui2011relation,
	author = {Bui-Thanh, Tan and Ghattas, Omar and Demkowicz, Leszek},
	title = {A relation between the discontinuous {P}etrov--{G}alerkin method and the Discontinuous {G}alerkin Method},
	institution = {The University of Texas at Austin},
	year = {2015},
	type = {ICES Report},
	number = {11-45},
}

@article{bui2014pde,
  title={A PDE-constrained optimization approach to the discontinuous Petrov--Galerkin method with a trust region inexact Newton-CG solver},
  author={Bui-Thanh, Tan and Ghattas, Omar},
  journal={Computer Methods in Applied Mechanics and Engineering},
  volume={278},
  pages={20--40},
  year={2014},
  publisher={Elsevier}
}

@article{Bramwell12,
  author =   {Bramwell, J. and Demkowicz, L. and Gopalakrishnan, J. and Weifeng, Q.},
  title =    {A locking-free $hp$ {DPG} method for linear elasticity with symmetric stresses},
  journal =    {Numer. Math.},
  year =   {2012},
  volume =   {122},
  number =   {4},
  pages =    {671--707}
}

@book{brezzi2012mixed,
  title={Mixed and Hybrid Finite Element Methods},
  author={Brezzi, Franco and Fortin, Michel},
  series={Springer Series in Computational Mathematics},
  volume={15},
  year={1991},
  publisher={Springer},
  address={New York},
}

%CCCCCCCCCCCCCCCCCCCCCCCCCCCCCCCCCCCCCCCCCCCCCCCCCCCCCCCCCCCCCCCCCCCCCCCCCCCCCCCCCCCCCCCCCCCCCCCCCCC

@article{carstensen2014posteriori,
  title={A posteriori error control for {DPG} methods},
  author={Carstensen, Carsten and Demkowicz, Leszek and Gopalakrishnan, Jay},
  journal={SIAM Journal on Numerical Analysis},
  volume={52},
  number={3},
  pages={1335--1353},
  year={2014},
  publisher={SIAM}
}

@article{BrokenForms15,
  author =  {Carstensen, C. and Demkowicz, L. and Gopalakrishnan, J.},
  title = {Breaking Spaces and Forms for the {DPG} Method and Applications Including {M}axwell Equations},
  journal = {Comput. Math. Appl.},
  volume = {72},
  number = {3},
  pages = {494--522},
  year = {2016},
}

@phdthesis{chan2013dpg,
  title={A DPG method for convection-diffusion problems},
  author={Chan, Jesse},
  school={The University of Texas at Austin},
  address={Austin, Texas, U.S.A.},
  year={2013}
}

@article{CiarletKorns10,
  year={2010},
  journal={Chin. Ann. Math. Ser. B},
  fjournal={Chinese Annals of Mathematics, Series B},
  volume={31},
  number={5},
  title={On {K}orn's inequality},
  author={Ciarlet, Philippe G.},
  pages={607--618},
}

@book{Ciarlet94,
  title={The Finite Element Method for Elliptic Problems},
  author={Ciarlet, Philippe G.},
  series={Classics in Applied Mathematics},
  volume={40},
  year={2002},
  publisher={SIAM},
}

@book{Ciarlet13,
  title={Linear and Nonlinear Functional Analysis with Applications},
  author={Ciarlet, Philippe G.},
  year={2013},
  publisher={SIAM},
}

@book{Ciarlet93,
  title={Mathematical Elasticity, Volume 1: Three Dimensional Elasticity},
  author={Ciarlet, Philippe G.},
  year={1988},
  publisher={North-Holland},
  address={Amsterdam},
}

@article{chan2014robust,
  title={A robust {DPG} method for convection-dominated diffusion problems {II}: {A}djoint boundary conditions and mesh-dependent test norms},
  author={Chan, Jesse and Heuer, Norbert and Bui-Thanh, Tan and Demkowicz, Leszek},
  journal={Comput. Math. Appl.},
  volume={67},
  number={4},
  pages={771--795},
  year={2014},
}

@article{Chan2014dual,
  title = {A dual {P}etrov-{G}alerkin finite element method for the convectionâ€“diffusion equation},
  journal = {Comput. Math. Appl.},
  volume = {68},
  number = {11},
  pages = {1513--1529},
  year = {2014},
  _note = {Minimum Residual and Least Squares Finite Element Methods},
  author = {Chan, Jesse and Evans, John A. and Qiu, Weifeng}
}

%DDDDDDDDDDDDDDDDDDDDDDDDDDDDDDDDDDDDDDDDDDDDDDDDDDDDDDDDDDDDDDDDDDDDDDDDDDDDDDDDDDDDDDDDDDDDD

@article{dahmen2012adaptive,
  title={Adaptive {P}etrov-{G}alerkin Methods for First Order Transport Equations},
  author={Dahmen, Wolfgang and Huang, Chunyan and Schwab, Christoph and Welper, Gerrit},
  journal={SIAM J. Numer. Anal.},
  volume={50},
  number={5},
  pages={2420--2445},
  year={2012},
}

@article{cohen2012adaptivity,
  title={Adaptivity and variational stabilization for convection-diffusion equations},
  author={Cohen, Albert and Dahmen, Wolfgang and Welper, Gerrit},
  journal={ESAIM Math. Model. Numer. Anal.},
  volume={46},
  number={5},
  pages={1247--1273},
  year={2012},
}

@article{demkowicz2010class,
  title={A class of discontinuous {P}etrov--{G}alerkin methods. {P}art {I}: {T}he transport equation},
  author={Demkowicz, Leszek and Gopalakrishnan, Jayadeep},
  journal={Comput. Methods Appl. Mech. Engrg.},
  volume={199},
  number={23-24},
  pages={1558--1572},
  year={2010},
}

@article{demkowicz2011class,
  title={A class of discontinuous {P}etrov--{G}alerkin methods. {II}. {O}ptimal test functions},
  author={Demkowicz, Leszek and Gopalakrishnan, Jay},
  journal={Numer. Methods Partial Differential Equations},
  volume={27},
  number={1},
  pages={70--105},
  year={2011},
}

@article{demkowicz2012class,
  title={A class of discontinuous {P}etrov--{G}alerkin methods. {P}art {III}: {A}daptivity},
  author={Demkowicz, Leszek and Gopalakrishnan, Jay and Niemi, Antti H.},
  journal={Appl. Numer. Math.},
  volume={62},
  number={4},
  pages={396--427},
  year={2012},
}

@article{demkowicz2013primal,
  title={A primal {DPG} method without a first-order reformulation},
  author={Demkowicz, L. and Gopalakrishnan, J.},
  journal={Comput. Math. Appl.},
  volume={66},
  number={6},
  pages={1058--1064},
  year={2013},
}

@article{demkowicz2011analysis,
  title={Analysis of the {DPG} method for the {P}oisson equation},
  author={Demkowicz, Leszek and Gopalakrishnan, Jayadeep},
  journal={SIAM J. Numer. Anal.},
  volume={49},
  number={5},
  pages={1788--1809},
  year={2011},
}

@techreport{demkowicz2015encyclopedia,
  title={Discontinuous {P}etrov-{G}alerkin ({DPG}) Method},
  author={Demkowicz, Leszek and Gopalakrishnan, Jay},
  institution = {The University of Texas at Austin},
  year = {2015},
  type = {ICES Report},
  number = {15-20},
}

@article{demkowicz2016spacetime,
  title={A spacetime {DPG} method for the {S}chr\"odinger equation},
  author={Demkowicz, Leszek and Gopalakrishnan, Jay and Nagaraj, Sriram and Sepulveda, Paulina},
  journal={arXiv preprint arXiv:1610.04678},
  year={2016}
}

@book{hpbook,
  author = 	 {Demkowicz, L.},
  title = 	 {Computing with $hp$ Finite Elements. I. One and Two Dimensional Elliptic and Maxwell Problems},
  publisher = 	 {Chapman \& Hall/CRC Press},
  address =    {New York},
  year = 	 {2006},
  month = 	 {October},
}

@book{hpbook2,
  author = 	 {Demkowicz, L. and Kurtz, J. and Pardo, D. and Paszy\'{n}ski, M. and Rachowicz, W. and Zdunek, A.},
  title = 	 {Computing with $hp$ Finite Elements. II. Frontiers: Three Dimensional Elliptic and Maxwell Problems with Applications},
  publisher = 	 {Chapman \& Hall/CRC},
  address =    {New York},
  year = 	 {2007},
  month = 	 {October},
}

@incollection{DPGOverview,
  author = 	 {Demkowicz, L. and Gopalakrishnan, J.},
  booktitle = 	 {Recent Developments in Discontinuous Galerkin Finite Element Methods for Partial Differential Equations},
  editor =    {Feng, X. and Karakashian, O. and Xing, Y.},
  title = 	 {An Overview of the {DPG} Method},
  series = 	 {The {IMA} Volumes in Mathematics and its Applications},
  year = 	 {2014},
  publisher =   {Springer},
  volume = 	 {157},
  pages = 	 {149--180},
  _note = 	 {see also ICES Report 2013/2},
}

@article{demkowicz2013robust,
  title={Robust {DPG} method for convection-dominated diffusion problems},
  author={Demkowicz, Leszek and Heuer, Norbert},
  journal={SIAM J. Numer. Anal.},
  volume={51},
  number={5},
  pages={2514--2537},
  year={2013},
  publisher={SIAM}
}

%EEEEEEEEEEEEEEEEEEEEEEEEEEEEEEEEEEEEEEEEEEEEEEEEEEEEEEEEEEEEEEEEEEEEEEEEEEEEEEEEEEEEEEEEEEEEEE

@book{Ekeland1976,
  title={Convex Analysis and Variational Problems},
  author={Ekeland, Ivar and T\'emam, Roger},
  series={Classics in Applied Mathematics},
  volume={28},
  year={1999},
  publisher={SIAM},
}

@article{ellis2014locally,
  title={Locally conservative discontinuous {P}etrov--{G}alerkin finite elements for fluid problems},
  author={Ellis, Truman and Demkowicz, Leszek and Chan, Jesse},
  journal={Comput. Math. Appl.},
  volume={68},
  number={11},
  pages={1530--1549},
  year={2014},
}

%FFFFFFFFFFFFFFFFFFFFFFFFFFFFFFFFFFFFFFFFFFFFFFFFFFFFFFFFFFFFFFFFFFFFFFFFFFFFFFFFFFFFFFFFFFFFF

@article{fu2015analysis,
  title={Analysis of an {HDG} method for linear elasticity},
  author={Fu, G. and Cockburn, B. and Stolarski, H.},
  journal={Internat. J. Numer. Methods Engrg.},
  volume={102},
  number={3-4},
  pages={551--575},
  year={2015},
}

@article{Fuentes2015,
  title = {Orientation embedded high order shape functions for the exact sequence elements of all shapes},
  author = {Fuentes, F. and Keith, B. and Demkowicz, L. and Nagaraj, S.},
  journal = {Comput. Math. Appl.},
  volume = {70},
  number = {4},
  pages = {353--458},
  year = {2015},
  url = {http://dx.doi.org/10.1016/j.camwa.2015.04.027}
}

@article{fuentes2016coupled,
  title={Coupled variational formulations of linear elasticity and the {DPG} methodology},
  author={Fuentes, Federico and Keith, Brendan and Demkowicz, Leszek and Tallec, Patrick Le},
  journal={arXiv preprint arXiv:1609.08180},
  year={2016}
}


%GGGGGGGGGGGGGGGGGGGGGGGGGGGGGGGGGGGGGGGGGGGGGGGGGGGGGGGGGGGGGGGGGGGGGGGGGGGGGGGGGGGGGGGGGGGGG


@article{GattoDemkowicz10,
  author = 	 {Gatto, P. and Demkowicz, L.},
  title = 	 {Construction of ${H}^1$-Conforming Hierarchical Shape Functions for Elements of All Shapes and Transfinite Interpolation},
  journal = 	 {Finite Elem. Anal. Des.},
  year = 	 {2010},
  volume = 	 {46},
  pages = 	 {474--486},
}

@article{golub1965numerical,
  title={Numerical methods for solving linear least squares problems},
  author={Golub, Gene},
  journal={Numerische Mathematik},
  volume={7},
  number={3},
  pages={206--216},
  year={1965},
  publisher={Springer}
}

@book{golub2012matrix,
  title={Matrix computations},
  author={Golub, Gene H and Van Loan, Charles F},
  volume={3},
  year={2012},
  publisher={JHU Press}
}

@book{Grisvard,
  title={Singularities in Boundary Value Problems},
  author={Grisvard, Pierre},
  year={1992},
  publisher={Springer-Verlag},
  address={Paris},
}

@article{QiuFortin,
  title={An analysis of the practical {DPG} method},
  author={Gopalakrishnan, Jay and Qiu, Weifeng},
  journal={Math. Comp.},
  volume={83},
  number={286},
  pages={537--552},
  year={2014},
}


%HHHHHHHHHHHHHHHHHHHHHHHHHHHHHHHHHHHHHHHHHHHHHHHHHHHHHHHHHHHHHHHHHHHHHHHHHHHHHHHHHHHHHHHHHHH


@article{Hiptmair99,
    author = {Gradinaru, V. and Hiptmair, R.},
    title = {Whitney Elements on Pyramids},
    journal = {Electron. Trans. Numer. Anal.},
    year = {1999},
    volume = {8},
    pages = {154--168}
}


@book{HughesFamous,
  title = {The Finite Element Method: Linear Static and Dynamic Finite Element Analysis},
  author = {Hughes, Thomas J. R.},
  year = {1987},
  publisher = {Prentice-Hall},
  address = {Englewood Cliffs, NJ},
}

%KKKKKKKKKKKKKKKKKKKKKKKKKKKKKKKKKKKKKKKKKKKKKKKKKKKKKKKKKKKKKKKKKKKKKKKKKKKKKKKKKKKKKKKKKKKKK

@article{Keith16,
  author = {Keith, Brendan and Fuentes, Federico and Demkowicz, Leszek},
  title = {The {DPG} methodology applied to different variational formulations of linear elasticity},
  journal = {Comput. Methods Appl. Mech. Engrg.},
  year = {2016},
  volume = {309},
  pages = {579--609},
}

@article{KeithOldroydB,
  author = {Keith, B. and Knechtges, P. and Roberts, N. V. and Elgeti, S. and Behr, M. and Demkowicz, L.},
  title = {An ultraweak {DPG} method for viscoelastic fluids},
  journal = {J. Nonnewton. Fluid. Mech.},
  year = {2017},
  volume = {},
  number = {},
  pages = {},
}

@article{kessy2015optimal,
  title={Optimal whitening and decorrelation},
  author={Kessy, Agnan and Lewin, Alex and Strimmer, Korbinian},
  journal={arXiv preprint arXiv:1512.00809},
  year={2015}
}

%MMMMMMMMMMMMMMMMMMMMMMMMMMMMMMMMMMMMMMMMMMMMMMMMMMMMMMMMMMMMMMMMMMMMMMMMMMMMMMMMMMMMMMMMMMMMM

@article{markovsky2007overview,
  title={Overview of total least-squares methods},
  author={Markovsky, Ivan and Van Huffel, Sabine},
  journal={Signal processing},
  volume={87},
  number={10},
  pages={2283--2302},
  year={2007},
  publisher={Elsevier}
}

@article{muga2015discretization,
  title={Discretization of Linear Problems in Banach Spaces: Residual Minimization, Nonlinear Petrov-Galerkin, and Monotone Mixed Methods},
  author={Muga, Ignacio and van der Zee, Kristoffer G},
  journal={arXiv preprint arXiv:1511.04400},
  year={2015}
}

%NNNNNNNNNNNNNNNNNNNNNNNNNNNNNNNNNNNNNNNNNNNNNNNNNNNNNNNNNNNNNNNNNNNNNNNNNNNNNNNNNNNNNNNNNNNNN



@ARTICLE{Nedelec80,
    AUTHOR = {N\'ed\'elec, J. C.},
    TITLE = {Mixed Finite Elements in $\mathbb{R}^3$},
    JOURNAL = {Numer. Math.},
    YEAR = {1980},
    VOLUME ={35},
    NUMBER = {},
    PAGES = {315--341},
    NOTE = {}
}

@techreport{Nagaraj2015,
	author = {Nagaraj, S. and Petrides, S. and Demkowicz, L.},
	title = {Construction of a {DPG} {F}ortin operator},
	institution = {The University of Texas at Austin},
	year = {2015},
	type = {ICES Report},
	number = {15-22},
}

@article{Nigam_Phillips_11,
	author = {Nigam, N. and Phillips, J.},
	title = {High-order Conforming Finite Elements on Pyramids},
	volume = {32},
	number = {2},
	pages = {448--483},
	year = {2012},
	doi = {10.1093/imanum/drr015},
	URL = {http://imajna.oxfordjournals.org/content/32/2/448.abstract [imajna.oxfordjournals.org]},
	eprint = {http://imajna.oxfordjournals.org/content/32/2/448.full.pdf+html [imajna.oxfordjournals.org]},
	journal = {IMA J. Numer. Anal.}
}


@article{Niemi2011,
  author = {Niemi, A. H. and Bramwell, J. and Demkowicz, L.},
  title = {Discontinuous {P}etrov--{G}alerkin method with optimal test functions for thin-body problems in solid mechanics},
  volume = {200},
  number = {9-12},
  pages = {1291--1300},
  year = {2011},
  journal = {Comput. Methods Appl. Mech. Engrg.},
}

%OOOOOOOOOOOOOOOOOOOOOOOOOOOOOOOOOOOOOOOOOOOOOOOOOOOOOOOOOOOOOOOOOOOOOOOOOOOOOOOOOOOOOOOOOOOOO

@book{Oden76,
   title = {Variational Methods in Theoretical Mechanics},
   author = {Oden, J. Tinsley and Reddy, Junuthula Narasimha},
   series = {Universitext},
   publisher = {Springer-Verlag},
   address = {Berlin},
   year = {1983},
   edition = {2nd},
}


%PPPPPPPPPPPPPPPPPPPPPPPPPPPPPPPPPPPPPPPPPPPPPPPPPPPPPPPPPPPPPPPPPPPPPPPPPPPPPPPPPPPPPPPPPPPPP

@article{paige1979computer,
  title={Computer solution and perturbation analysis of generalized linear least squares problems},
  author={Paige, CC},
  journal={Mathematics of Computation},
  volume={33},
  number={145},
  pages={171--183},
  year={1979}
}



@article{PechsteinSchoberl12,
  author =  {Pechstein, A. and Sch\"oberl, J.},
  title =   {Anisotropic mixed finite elements for elasticity},
  journal = {Internat. J. Numer. Methods Engrg.},
  year =    {2012},
  volume =  {90},
  number =  {2},
  pages =   {196--217}},
}

@techreport{petrides2016ices,
  title = {An Adaptive {DPG} Method for High Frequency Time-harmonic Wave Propagation Problems},
  author={Petrides, Socratis and Demkowicz, Leszek F},
  institution = {The University of Texas at Austin},
  year={2016},
  type={ICES Report},
  number = {16-20}
}
@article{petrides2017adaptive,
  title={An adaptive {DPG} method for high frequency time-harmonic wave propagation problems},
  author={Petrides, Socratis and Demkowicz, Leszek F},
  journal={Computers \& Mathematics with Applications},
  year={2017},
  publisher={Elsevier}
}

%QQQQQQQQQQQQQQQQQQQQQQQQQQQQQQQQQQQQQQQQQQQQQQQQQQQQQQQQQQQQQQQQQQQQQQQQQQQQQQQQQQQQQQQQQQQQQ

@article{qiu2011mixed,
  title={Mixed $hp$-finite element method for linear elasticity with weakly imposed symmetry: {S}tability analysis},
  author={Qiu, Weifeng and Demkowicz, Leszek},
  journal={SIAM J. Numer. Anal.},
  volume={49},
  number={2},
  pages={619--641},
  year={2011},
}

%RRRRRRRRRRRRRRRRRRRRRRRRRRRRRRRRRRRRRRRRRRRRRRRRRRRRRRRRRRRRRRRRRRRRRRRRRRRRRRRRRRRRRRRRRRRRR

@phdthesis{roberts2013discontinuous,
  title={A discontinuous Petrov-Galerkin methodology for incompressible flow problems},
  author={Roberts, Nathan V.},
  school={The University of Texas at Austin},
  address={Austin, Texas, U.S.A.},
  year={2013}
}

@phdthesis{SabineThesis,
  year = {2006},
  title = {High Order Finite Element Methods for Electromagnetic Field Computation},
  author = {Zaglmayr, S.},
  school = {Johannes Kepler Universit\"at Linz},
  address = {Linz},
}

@article{roberts2014dpg,
  title={The {DPG} method for the {S}tokes problem},
  author={Roberts, Nathan V. and Bui-Thanh, Tan and Demkowicz, Leszek},
  journal={Comput. Math. Appl.},
  volume={67},
  number={4},
  pages={966--995},
  year={2014},
}

@article{roberts2014camellia,
  title={Camellia: A software framework for discontinuous {P}etrov--{G}alerkin methods},
  author={Roberts, Nathan V},
  journal={Comput. Math. Appl.},
  volume={68},
  number={11},
  pages={1581--1604},
  year={2014},
  publisher={Elsevier}
}

@article{roberts2015discontinuous,
  title={A discontinuous {P}etrov--{G}alerkin methodology for adaptive solutions to the incompressible {N}avier--{S}tokes equations},
  author={Roberts, Nathan V and Demkowicz, Leszek and Moser, Robert},
  journal={J. Comput. Phys.},
  volume={301},
  pages={456--483},
  year={2015},
  publisher={Elsevier}
}

@techreport{CamelliaManual,
  Author = {Roberts, Nathan V.},
  Institution = {{Argonne National Laboratory}, {Argonne, Illinois}},
  Number = {{ANL}/{ALCF}-16/3},
  Title = {{C}amellia v1.0 Manual: {P}art {I}},
  Year = {2016}
}


%SSSSSSSSSSSSSSSSSSSSSSSSSSSSSSSSSSSSSSSSSSSSSSSSSSSSSSSSSSSSSSSSSSSSSSSSSSSSSSSSSSSSSSSSSSSSS

@article{Schoeberl_Zaglmayr_05,
  author = 	 {Sch\"oberl, J. and Zaglmayr, S.},
  title = 	 {High order {N\'ed\'elec} Elements with Local Complete Sequence Property},
  journal = 	 {COMPEL},
  year = 	 {2005},
  volume = 	 {24},
  number = 	 {2},
  pages = 	 {374--384},
}

@article{SchoeberlSinwel11,
  author =  {Pechstein, Astrid and Sch\"oberl, Joachim},
  title =   {Tangential-displacement and normal-normal-stress continuous mixed finite elements for elasticity},
  journal = {Math. Models Methods Appl. Sci.},
  year =    {2011},
  volume =  {21},
  number =  {8},
  pages =   {1761--1782},
}

@BOOK{SzaboBabuska91,
    AUTHOR = {Szab\'{o}, B. A. and Babu\v{s}ka, I.},
    TITLE = {Finite Element Analysis},
    PUBLISHER = {Wiley},
    YEAR = {1991},
    ADDRESS = {New York},
}

@book{monkbook,
  author = 	 {Monk, P.},
  title = 	 {Finite Element Methods for Maxwell's Equations},
  publisher = 	 {Oxford University Press},
  series =    {Numerical Analysis and Scientific Computation Series},
  address =    {New York},
  year = 	 {2003},
}

@article{monk_demkowicz,
  author = 	 {Monk, P. and Demkowicz, L.},
  title = 	 {Discrete compactness and the approximation of {M}axwell's equations in $\mathbb{R}^3$},
  journal = 	 {Math. Comp.},
  year = 	 {2000},
  volume = 	 {70},
  number = 	 {234},
  pages = 	 {507--523},
}

@techreport{DemkowiczClosedRange,
	author = {Demkowicz, L.},
	title = {Various Variational Formulations and Closed Range Theorem},
	institution = {The University of Texas at Austin},
	year = {2015},
	type = {ICES Report},
	number = {15-03},
}

@misc{code,
	author = {Fuentes, F. and Keith, B. and Demkowicz, L.},
	title = {The {E}xact {S}equence for {E}lements of {A}ll {S}hapes ({ESEAS}) Library},
	year = {2015},
	url = {https://github.com/libESEAS/ESEAS},
}

%TTTTTTTTTTTTTTTTTTTTTTTTTTTTTTTTTTTTTTTTTTTTTTTTTTTTTTTTTTTTTTTTTTTTTTTTTTTTTTTTTTTTTTTTTTTTT

@book{trefethen1997numerical,
  title={Numerical linear algebra},
  author={Trefethen, Lloyd N and Bau III, David},
  volume={50},
  year={1997},
  publisher={Siam}
}


%%%More citations after Joachim revision
@article{AinsworthBezier,
	year = {2011},
	journal = {SIAM J. Sci. Comput.},
	volume = {33},
	number = {6},
	title = {Bernstein-{B}\'ezier finite elements of arbitrary order and optimal assembly procedures},
	publisher = {Springer-Verlag},
	author = {Ainsworth, M. and Andriamaro, G. and Davydov, O.},
	pages = {3087--3109},
}

@book{karniadakisbook,
  title = {Spectral/$hp$ Element Methods for CFD},
  author = {Karniadakis, G. and Sherwin, S. J.},
  isbn = {9780195102260},
  lccn = {98011180},
  series = {Numerical Mathematics and Scientific Computation},
  year = {1999},
  publisher = {Oxford University Press},
  address = {New York},
}

@phdthesis{SabineThesis,
	year = {2006},
	title = {High Order Finite Element Methods for Electromagnetic Field Computation},
	author = {Zaglmayr, S.},
	school = {Johannes Kepler Universit\"at Linz},
	address = {Linz},
}

%ZZZZZZZZZZZZZZZZZZZZZZZZZZZZZZZZZZZZZZZZZZZZZZZZZZZZZZZZZZZZZZZZZZZZZZZZZZZZZZZZZZZZZZZZZZZZZ

@article{zitelli2011class,
  title={A class of discontinuous {P}etrov--{G}alerkin methods. {P}art {IV}: {T}he optimal test norm and time-harmonic wave propagation in 1D},
  author={Zitelli, Jeff and Muga, Ignacio and Demkowicz, Leszek and Gopalakrishnan, Jayadeep and Pardo, David and Calo, Victor M.},
  journal={J. Comput. Phys.},
  volume={230},
  number={7},
  pages={2406--2432},
  year={2011},
}

@article{Vasilopoulos,
	year = {1988},
	journal = {Numer. Math.},
	volume = {53},
	number = {1},
	title = {On the determination of higher order terms of singular elastic stress fields near corners},
	author = {Vasilopoulos, D.},
	pages = {51--95},
}

@article{BabuskaAdaptive,
	year={1979},
	journal={Numer. Math.},
	volume={33},
	number={4},
	title={Direct and inverse error estimates for finite elements with mesh refinements},
	author={Babu\v{s}ka, I. and Kellogg, R. B. and Pitk\"aranta, J.},
	pages={447--471},
}

@book{CokerFilon,
  title = {A Treatise on Photoelasticity},
  author = {Coker, E. G. and Filon, L. N. G.},
  year = {1957},
  publisher = {Cambridge University Press},
  edition = {2nd},
  address = {London},
}

@mastersthesis{HellwigThesis,
	year = {2014},
	title = {Three Low-Order {dPG} Methods for Linear Elasticity},
	author = {Hellwig, Friederike},
	school = {Humboldt-Universit\"at zu Berlin},
	address = {Berlin},
}

@techreport{Ellis2015,
	author = {Ellis, Truman and Chan, Jesse and Demkowicz, Leszek},
	title = {Robust {DPG} Methods for Transient Convection-Diffusion},
	institution = {The University of Texas at Austin},
	year = {2015},
	type = {ICES Report},
	number = {15-21},
}

@incollection{demkowicz2008polynomial,
  year={2008},
  booktitle={Mixed Finite Elements, Compatibility Conditions, and Applications},
  volume={1939},
  series={Lecture Notes in Mathematics},
  editor={Boffi, Daniele and Gastaldi, Lucia},
  title={Polynomial exact sequences and projection-based interpolation with application to {M}axwell equations},
  publisher={Springer},
  author={Demkowicz, Leszek},
  pages={101--158},
  address={Berlin}
}

%% ADDED REFERENCES FOR POLYTOPE FEM REVIEW
@article{hpdgfem,
author = {Cangiani, Andrea and Georgoulis, Emmanuil H. and Houston, Paul},
title = {$hp$-Version discontinuous Galerkin methods on polygonal and polyhedral meshes},
journal = {Math. Models Methods Appl. Sci.},
volume = {24},
number = {10},
pages = {2009-2041},
year = {2014},
}

@article{wg1,
  title={Weak Galerkin finite element methods on polytopal meshes},
  author={Mu, Lin and Wang, Junping and Ye, Xiu},
  journal={arXiv preprint arXiv:1204.3655},
  year={2012}
}

@article{wg2,
  title={A new weak Galerkin finite element method for elliptic interface problems},
  author={Mu, Lin and Wang, Junping and Ye, Xiu and Zhao, Shan},
journal={J. Comput. Phys.},  volume={325},
  pages={157--173},
  year={2016},
  publisher={Elsevier}
}

@article{vem_hcurl_hdiv,
  title={H ($\{$$\backslash$ text $\{$div$\}$$\}$) and H ($\backslash$ mathbf $\{$curl$\}$)-conforming virtual element methods},
  author={Da Veiga, L Beir{\~a}o and Brezzi, F and Marini, LD and Russo, A},
  journal =    {Numer. Math.},
  volume={133},
  number={2},
  pages={303--332},
  year={2016},
  publisher={Springer}
}

@article{vem_basic,
  title={Basic principles of virtual element methods},
  author={Beir{\~a}o da Veiga, L and Brezzi, F and Cangiani, A and Manzini, G and Marini, LD and Russo, A},
  journal={Math. Models Methods Appl. Sci.},
  volume={23},
  number={01},
  pages={199--214},
  year={2013},
  publisher={World Scientific}
}

@article{vem_plates,
  title={Virtual element methods for plate bending problems},
  author={Brezzi, Franco and Marini, L Donatella},
  journal = {Comput. Methods Appl. Mech. Engrg.},
  volume={253},
  pages={455--462},
  year={2013},
  publisher={Elsevier}
}

@article{vem_elast,
  title={Virtual elements for linear elasticity problems},
  author={Da Veiga, L Beirao and Brezzi, Franco and Marini, L Donatella},
  journal={SIAM J. Numer. Anal.},
  volume={51},
  number={2},
  pages={794--812},
  year={2013},
  publisher={SIAM}
}

@article{vem_elliptic,
  title={Virtual element method for general second-order elliptic problems on polygonal meshes},
  author={Beir{\~a}o da Veiga, L and Brezzi, F and Marini, LD and Russo, A},
  journal={Math. Models Methods Appl. Sci.},
  volume={26},
  number={04},
  pages={729--750},
  year={2016},
  publisher={World Scientific}
}

%PLEASE CHECK THIS CITATION - IT IS WRONG, EITHER CITE BOOK OR ARTICLE
@book{gdm,
  TITLE = {{The gradient discretisation method }},
  AUTHOR = {Droniou, J{\'e}r{\^o}me and Eymard, Robert and Gallou{\"e}t, Thierry and Guichard, Cindy and Herbin, Raphaele},
  URL = {https://hal.archives-ouvertes.fr/hal-01382358},
  JOURNAL = {{ESAIM, Math. Model. Numer. Anal.}},
  PUBLISHER = {{EDP Sciences}},
  VOLUME = {50},
  NUMBER = {3},
  PAGES = { 749-781 },
  YEAR = {2016},
  MONTH = {May},
  PDF = {https://hal.archives-ouvertes.fr/hal-01382358/file/gdm.pdf},
  HAL_ID = {hal-01382358},
  HAL_VERSION = {v3},
}

@article{pfem_quadtree,
  title={Adaptive computations using material forces and residual-based error estimators on quadtree meshes},
  author={Tabarraei, A and Sukumar, N},
  journal = {Comput. Methods Appl. Mech. Engrg.},
  volume={196},
  number={25},
  pages={2657--2680},
  year={2007},
  publisher={Elsevier}
}

@article{vem_interface,
author = {Chen, Long and Wei, Huayi and Wen, Min},
doi = {10.1016/j.jcp.2017.01.004},
journal={J. Comput. Phys.},
keywords = {delaunay triangulation,elliptic interface problem,interface-fitted mesh},
number = {1},
pages = {327--348},
publisher = {Elsevier Inc.},
title = {{An interface-fitted mesh generator and virtual element methods for elliptic interface problems}},
url = {http://dx.doi.org/10.1016/j.jcp.2017.01.004},
volume = {334},
year = {2017}
}

@article{polymesher,
  title={PolyMesher: a general-purpose mesh generator for polygonal elements written in Matlab},
  author={Talischi, Cameron and Paulino, Glaucio H and Pereira, Anderson and Menezes, Ivan FM},
  journal={Struct. Multidiscip. Optim.},
  volume={45},
  number={3},
  pages={309--328},
  year={2012},
  publisher={Springer}
}

@article{pfem_finite_elast,
  title={Polygonal finite elements for finite elasticity},
  author={Chi, Heng and Talischi, Cameron and Lopez-Pamies, Oscar and H Paulino, Glaucio},
  journal={Int. J. Num. Meth. in Eng.},
  volume={101},
  number={4},
  pages={305--328},
  year={2015},
  publisher={Wiley Online Library}
}

@article{pfem_optimization,
  title={Polygonal finite elements for topology optimization: a unifying paradigm},
  author={Talischi, Cameron and Paulino, Glaucio H and Pereira, Anderson and Menezes, Ivan FM},
  journal={Int. J. Num. Meth. in Eng.},
  volume={82},
  number={6},
  pages={671--698},
  year={2010},
  publisher={Wiley Online Library}
}

@article{pfem_cracks,
  title={Unstructured polygonal meshes with adaptive refinement for the numerical simulation of dynamic cohesive fracture},
  author={Spring, Daniel W and Leon, Sofie E and Paulino, Glaucio H},
  journal={Int. J. Fract.},
  volume={189},
  number={1},
  pages={33--57},
  year={2014},
  publisher={Springer}
}

@article{vem_optimization,
  title={Topology optimization using polytopes},
  author={Gain, Arun L and Paulino, Glaucio H and Duarte, Leonardo S and Menezes, Ivan FM},
  journal = {Comput. Methods Appl. Mech. Engrg.},
  volume={293},
  pages={411--430},
  year={2015},
  publisher={Elsevier}
}

@article{vem_finite_elast,
  title={Some basic formulations of the virtual element method (VEM) for finite deformations},
  author={Chi, H and da Veiga, L Beir{\~a}o and Paulino, GH},
  journal = {Comput. Methods Appl. Mech. Engrg.},
  volume={318},
  pages={148--192},
  year={2017},
  publisher={Elsevier}
}

@article{mfd1,
  title={The mimetic finite difference method on polygonal meshes for diffusion-type problems},
  author={Kuznetsov, Yu and Lipnikov, K and Shashkov, M},
  journal={Computational Geosciences},
  volume={8},
  number={4},
  pages={301--324},
  year={2004},
  publisher={Springer}
}

@article{mfd2,
  title={A family of mimetic finite difference methods on polygonal and polyhedral meshes},
  author={Brezzi, Franco and Lipnikov, Konstantin and Simoncini, Valeria},
  journal={Math. Models Methods Appl. Sci.},
  volume={15},
  number={10},
  pages={1533--1551},
  year={2005},
  publisher={World Scientific}
}

@article{mfd3,
  title={Convergence of the mimetic finite difference method for diffusion problems on polyhedral meshes},
  author={Brezzi, Franco and Lipnikov, Konstantin and Shashkov, Mikhail},
  journal={SIAM J. Numer. Anal.},
  volume={43},
  number={5},
  pages={1872--1896},
  year={2005},
  publisher={SIAM}
}

@article{vem_fracture_network,
  title={The virtual element method for discrete fracture network simulations},
  author={Benedetto, Matias Fernando and Berrone, Stefano and Pieraccini, Sandra and Scial{\`o}, Stefano},
  journal = {Comput. Methods Appl. Mech. Engrg.},
  volume={280},
  pages={135--156},
  year={2014},
  publisher={Elsevier}
}

@article{nem_bone,
  title={Modelling three-dimensional piece-wise homogeneous domains using the $\alpha$-shape-based natural element method},
  author={Cueto, E and Calvo, B and Doblar{\'e}, M},
  journal={Int. J. Num. Meth. in Eng.},
  volume={54},
  number={6},
  pages={871--897},
  year={2002},
  publisher={Wiley Online Library}
}

@article{material_design,
  title={Designing materials with prescribed elastic properties using polygonal cells},
  author={Diaz, Alejandro R and Benard, Andre},
  journal={Int. J. Num. Meth. in Eng.},
  volume={57},
  number={3},
  pages={301--314},
  year={2003},
  publisher={Wiley Online Library}
}

@article{microstructure,
  title={Elastic-plastic analysis of arbitrary heterogeneous materials with the Voronoi cell finite element method},
  author={Ghosh, Somnath and Moorthy, Suresh},
  journal = {Comput. Methods Appl. Mech. Engrg.},
  volume={121},
  number={1-4},
  pages={373--409},
  year={1995},
  publisher={Elsevier}
}

@article{pfem_vem_review,
  title={New perspectives on polygonal and polyhedral finite element methods},
  author={Manzini, Gianmarco and Russo, Alessandro and Sukumar, N},
  journal={Mathematical Models and Methods in Applied Sciences},
  volume={24},
  number={08},
  pages={1665--1699},
  year={2014},
  publisher={World Scientific}
}

@book{wachspress,
  title={A Rational Finite Element Basis},
  author={Wachspress, E},
  isbn={9780080956237},
  lccn={75012594},
  series={Mathematics in Science and Engineering},
  url={https://books.google.com/books?id=k2rTwwYr2ZoC},
  year={1975},
  publisher={Elsevier Science}
}

@article{pfem_conforming,
  title={Conforming polygonal finite elements},
  author={Sukumar, N and Tabarraei, A},
  journal={Int. J. Num. Meth. in Eng.},
  volume={61},
  number={12},
  pages={2045--2066},
  year={2004},
  publisher={Wiley Online Library}
}

@article{pfem_elast,
  title={Application of polygonal finite elements in linear elasticity},
  author={Tabarraei, A and Sukumar, N},
  journal={Int. J. Comput. Methods },
  volume={3},
  number={04},
  pages={503--520},
  year={2006},
  publisher={World Scientific}
}

@article{pfem_integration2,
  title={Numerical integration of homogeneous functions on convex and nonconvex polygons and polyhedra},
  author={Chin, Eric B and Lasserre, Jean B and Sukumar, N},
  journal={Comput. Mech. },
  volume={56},
  number={6},
  pages={967--981},
  year={2015},
  publisher={Springer}
}

@article{pfem_integration1,
  title={Numerical integration of polynomials and discontinuous functions on irregular convex polygons and polyhedrons},
  author={Mousavi, SE and Sukumar, N},
  journal={Comput. Mech. },
  volume={47},
  number={5},
  pages={535--554},
  year={2011},
  publisher={Springer}
}

@article{vem_beauty,
  title={The great beauty of VEMs},
  author={Brezzi, Franco},
  journal={Proceedings of the ICM 2014},
  volume={1},
  pages={217--235},
  year={2014}
}

@article {pfem_quadratic,
   author = {Rand, Alexander and Gillette, Andrew and Bajaj, Chandrajit},
   title = {Quadratic Serendipity Finite Elements on Polygons Using Generalized Barycentric Coordinates},
   journal = {Math. Comput.},
   fjournal = {Mathematics of Computation},
   volume = {83},
   number = {290},
   year = {2014},
  pages = {2691--2716}
}

@article {pfem_families,
   author = {Gillette, Andrew and Rand, Alexander and Bajaj, Chandrajit},
   title = {Construction of Scalar and Vector Finite Element Families on Polygonal
  and Polyhedral Meshes},
   journal = {Comput. Methods Appl. Math.},
   volume = {16},
   number = {4},
   pages = {667--683},
   url = {},
   year = {2016},
}

@article{YanqiuPolytope,
  title={Minimal degree {$H$(curl)} and {$H$(div)} conforming finite elements on polytopal meshes},
  author={Chen, W. and Wang, Y.},
  journal={Math. Comp.},
  _volume={1},
  _number={5},
  _pages={217--235},
  year={2016}
}

@article{GillettePyramid,
  title = {Serendipity and Tensor Product Affine Pyramid Finite Elements},
  author = {Gillette, Andrew},
  journal = {SMAI J. Comput. Math.},
  volume = {2},
  pages = {215--228},
  year = {2016}
}

@article{GopMugaHelmholtz,
	author = {Gopalakrishnan, J. and Muga, I. and Olivares, N.},
	title = {Dispersive and Dissipative Errors in the {DPG} Method with Scaled Norms for {Helmholtz} Equation},
	journal = {SIAM J. Sci. Comput.},
	volume = {36},
	number = {1},
	pages = {A20--A39},
	year = {2014},
}

@article{melenk2001fully,
  title={Fully discrete hp-finite elements: {F}ast quadrature},
  author={Melenk, Jens M and Gerdes, Klaus and Schwab, Christoph},
  journal={Computer Methods in Applied Mechanics and Engineering},
  volume={190},
  number={32},
  pages={4339--4364},
  year={2001},
  publisher={Elsevier}
}

@techreport{martins2003efficient,
  title={On efficient numerical integration of p-version finite element stiffness matrices},
  author={Martins-Wagner, Magda},
  year={2003},
  institution={Universit\"at der Bundeswehr M\"unchen},
  number={04}
}

@article{antolin2015efficient,
  title={Efficient matrix computation for tensor-product isogeometric analysis: The use of sum factorization},
  author={Antolin, P and Buffa, Annalisa and Calabro, F and Martinelli, M and Sangalli, G},
  journal={Computer Methods in Applied Mechanics and Engineering},
  volume={285},
  pages={817--828},
  year={2015},
  publisher={Elsevier}
}

@phdthesis{kurtz2007fully,
  title={Fully automatic hp-adaptivity for acoustic and electromagnetic scattering in three dimensions},
  author={Kurtz, Jason Patrick},
  year={2007},
  school={The University of Texas at Austin}
}

@article{hinnant1994fast,
  title={A fast method of numerical quadrature for p-version finite element matrices},
  author={Hinnant, Howard E},
  journal={International Journal for Numerical Methods in Engineering},
  volume={37},
  number={21},
  pages={3723--3750},
  year={1994},
  publisher={Wiley Online Library}
}

@book{karniadakis2013spectral,
  title={Spectral/hp element methods for computational fluid dynamics},
  author={Karniadakis, George and Sherwin, Spencer},
  year={2013},
  publisher={Oxford University Press}
}

@article{orszag1980spectral,
  title={Spectral methods for problems in complex geometries},
  author={Orszag, Steven A},
  journal={Journal of Computational Physics},
  volume={37},
  number={1},
  pages={70--92},
  year={1980},
  publisher={Elsevier}
}

@article{polydpg2017,
  title={High-order polygonal discontinuous {P}etrov-{G}alerkin ({PolyDPG}) methods using ultraweak formulations},
  author={Vaziri Astaneh, Ali and Fuentes, Federico and Mora, Jaime and Demkowicz, Leszek},
  journal={arXiv preprint arXiv:1706.06754},
  year={2017}
}

@article{FuentesViscoelasticity,
author = {Fuentes, F. and Demkowicz, L. and Wilder, A.},
title = {Using a {DPG} method to validate {DMA} experimental calibration of viscoelastic materials},
journal = {Comput. Methods Appl. Mech. Engrg.},
year = {2017},
volume = {},
number = {},
pages = {},
}

@article{DLSFEM,
  author =  {Keith, B. and Petrides, S. and Fuentes, F. and Demkowicz, L.},
  title = {Discrete least-squares finite element methods},
  journal = {ArXiv e-prints},
  year = {2017},
  volume = {arXiv:1705.02078 [math.NA]},
  _number =   {},
  _pages =    {},
}

@article{nagaraj2017construction,
  title={Construction of {DPG} {F}ortin operators for second order problems},
  author={Nagaraj, Sriram and Petrides, Socratis and Demkowicz, Leszek F},
  journal={Computers \& Mathematics with Applications},
  year={2017},
  publisher={Elsevier}
}

@article{Keith2017Discrete,
  title = "Discrete least-squares finite element methods",
  journal = {Comput. Methods Appl. Mech. Engrg.},
  year = "2017",
  issn = "0045-7825",
  doi = "https://doi.org/10.1016/j.cma.2017.08.043",
  url = "http://www.sciencedirect.com/science/article/pii/S0045782517306229",
  author = "Brendan Keith and Socratis Petrides and Federico Fuentes and Leszek Demkowicz",
  volume = "in press"
}

@article{nagaraj2018,
  title={A 3{D} {DPG} {M}axwell {A}pproach to {N}onlinear {R}aman {G}ain in {F}iber {L}aser {A}mplifiers},
  author={Nagaraj, S and Grosek, J and Petrides, S and Demkowicz, L and Mora, J},
  journal={arXiv preprint arXiv:1805.12240},
  year={2018}
}